<?xml version="1.0" encoding="utf-8"?>
<record xmlns="http://www.loc.gov/MARC21/slim" xmlns:xsi="http://www.w3.org/2001/XMLSchema-instance" xsi:schemaLocation="http://www.loc.gov/MARC21/slim http://www.loc.gov/standards/marcxml/schema/MARC21slim.xsd">
	<leader>     nam a22     Mi 4500</leader>
	<controlfield tag="001">b12004091</controlfield>
	<controlfield tag="003">UaCaAUL</controlfield>
	<controlfield tag="006">m        d        </controlfield>
	<controlfield tag="007">cr cn |||m|||a</controlfield>
	<controlfield tag="008">191028s1955    ua      ob    000 0 ara d</controlfield>
	<datafield ind1=" " ind2=" " tag="040">
		<subfield code="a">ZYU</subfield>
		<subfield code="b">ara</subfield>
		<subfield code="e">rda</subfield>
		<subfield code="c">ZYU</subfield>
	</datafield>
	<datafield ind1=" " ind2=" " tag="043">
		<subfield code="a">f-ua---</subfield>
	</datafield>
	<datafield ind1=" " ind2="4" tag="050">
		<subfield code="a">DT97</subfield>
		<subfield code="b">.S5 1955</subfield>
	</datafield>
	<datafield ind1="1" ind2=" " tag="100">
		<subfield code="6">880-01</subfield>
		<subfield code="a">Sharqāwī, Maḥmūd.</subfield>
	</datafield>
	<datafield ind1="1" ind2="0" tag="245">
		<subfield code="6">880-02</subfield>
		<subfield code="a">Miṣr fī al-qarn al-thāmin ʻashar :</subfield>
		<subfield code="b">dirāsāt fī tārīkh al-Jabartī /</subfield>
		<subfield code="c">taʼlīf Maḥmūd al-Sharqāwī.</subfield>
	</datafield>
	<datafield ind1="1" ind2=" " tag="246">
		<subfield code="6">880-03</subfield>
		<subfield code="i">At head of title.:</subfield>
		<subfield code="a">Dirāsāt fī tārīkh al-Jabartī</subfield>
	</datafield>
	<datafield ind1=" " ind2="1" tag="264">
		<subfield code="6">880-04</subfield>
		<subfield code="a">[Cairo] :</subfield>
		<subfield code="b">Maktabat al-Anjlū al-Miṣrīyah,</subfield>
		<subfield code="c">1955-1956.</subfield>
	</datafield>
	<datafield ind1=" " ind2=" " tag="300">
		<subfield code="a">online resource (3 volumes in 1)</subfield>
	</datafield>
	<datafield ind1=" " ind2=" " tag="336">
		<subfield code="a">text</subfield>
		<subfield code="2">rdacontent</subfield>
	</datafield>
	<datafield ind1=" " ind2=" " tag="337">
		<subfield code="a">computer</subfield>
		<subfield code="2">rdamedia</subfield>
	</datafield>
	<datafield ind1=" " ind2=" " tag="338">
		<subfield code="a">online resource</subfield>
		<subfield code="2">rdacarrier</subfield>
	</datafield>
	<datafield ind1=" " ind2=" " tag="500">
		<subfield code="a">Part of the Arabic Collections Online (ACO) project, contributed by American University in Cairo Library.</subfield>
	</datafield>
	<datafield ind1=" " ind2=" " tag="504">
		<subfield code="a">Includes bibliographical references (pages 187-188).</subfield>
	</datafield>
	<datafield ind1="0" ind2="0" tag="505">
		<subfield code="6">880-05</subfield>
		<subfield code="g">v. 1.</subfield>
		<subfield code="t">ʻAbd al-Raḥmān al-Jabartī. al-Ḥayāh al-fikrīyah wa-al-ijtimāʻīyah --</subfield>
		<subfield code="g">v. 2.</subfield>
		<subfield code="t">al-Azhar wa-al-ʻulamāʼ. Ayyām al-Mamālīk --</subfield>
		<subfield code="g">v. 3.</subfield>
		<subfield code="t">Shaʻb Miṣr wa-kifāḥuh. Ṣafaḥāt min sīrat Muḥammad ʻAlī.</subfield>
	</datafield>
	<datafield ind1=" " ind2=" " tag="533">
		<subfield code="a">Electronic reproduction.</subfield>
		<subfield code="b">New York, N.Y. :</subfield>
		<subfield code="c">New York University,</subfield>
		<subfield code="d">2019.</subfield>
		<subfield code="5">NNU</subfield>
	</datafield>
	<datafield ind1="1" ind2="0" tag="600">
		<subfield code="6">880-06</subfield>
		<subfield code="a">Jabartī, ʻAbd al-Raḥmān,</subfield>
		<subfield code="d">1754-1822.</subfield>
	</datafield>
	<datafield ind1=" " ind2="0" tag="651">
		<subfield code="a">Egypt</subfield>
		<subfield code="x">History</subfield>
		<subfield code="y">640-1882.</subfield>
	</datafield>
	<datafield ind1="1" ind2="7" tag="600">
		<subfield code="a">Jabartī, ʻAbd al-Raḥmān,</subfield>
		<subfield code="d">1754-1822</subfield>
		<subfield code="2">fast</subfield>
		<subfield code="0">(OCoLC)fst00046159</subfield>
	</datafield>
	<datafield ind1=" " ind2="7" tag="651">
		<subfield code="a">Egypt.</subfield>
		<subfield code="2">fast</subfield>
		<subfield code="0">(OCoLC)fst01208755</subfield>
	</datafield>
	<datafield ind1=" " ind2="7" tag="648">
		<subfield code="a">640-1882</subfield>
		<subfield code="2">fast</subfield>
	</datafield>
	<datafield ind1=" " ind2="7" tag="655">
		<subfield code="a">History.</subfield>
		<subfield code="2">fast</subfield>
		<subfield code="0">(OCoLC)fst01411628</subfield>
	</datafield>
	<datafield ind1="2" ind2=" " tag="710">
		<subfield code="a">American University in Cairo.</subfield>
		<subfield code="b">Library.</subfield>
	</datafield>
	<datafield ind1="0" ind2=" " tag="730">
		<subfield code="a">Arabic Collections Online.</subfield>
	</datafield>
	<datafield ind1="0" ind2="8" tag="776">
		<subfield code="i">Print version:</subfield>
		<subfield code="a">Sharqāwī, Maḥmūd.</subfield>
		<subfield code="t">Miṣr fī al-qarn al-thāmin ʻashar</subfield>
		<subfield code="w">(UaCaAUL)b12004091</subfield>
		<subfield code="w">(OCoLC)43056494</subfield>
	</datafield>
	<datafield ind1="4" ind2="0" tag="856">
		<subfield code="u">http://hdl.handle.net/2333.1/1rn8ptsk</subfield>
	</datafield>
	<datafield ind1="1" ind2=" " tag="880">
		<subfield code="6">100-01</subfield>
		<subfield code="a">شرقاوي، محمود.</subfield>
	</datafield>
	<datafield ind1="1" ind2="0" tag="880">
		<subfield code="6">245-02</subfield>
		<subfield code="a">مصر في القرن الثامن عشر :</subfield>
		<subfield code="b">دراسات في تاريخ الجبرتي/</subfield>
		<subfield code="c">تأليف محمود الشرقاوي.</subfield>
	</datafield>
	<datafield ind1="1" ind2=" " tag="880">
		<subfield code="6">246-03</subfield>
		<subfield code="i">At head of title.:</subfield>
		<subfield code="a">دراسات في تاريخ الجبرتي</subfield>
	</datafield>
	<datafield ind1=" " ind2="1" tag="880">
		<subfield code="6">264-04</subfield>
		<subfield code="a">[Cairo] :</subfield>
		<subfield code="b">مكتبة الأنجلو المصرية،</subfield>
		<subfield code="c">19551956.</subfield>
	</datafield>
	<datafield ind1="0" ind2="0" tag="880">
		<subfield code="6">505-05</subfield>
		<subfield code="g">v. 1.</subfield>
		<subfield code="t">عبد الرحمن الجبرتي. الحياه الفكرية والاجتماعية --</subfield>
		<subfield code="g">v. 2.</subfield>
		<subfield code="t">الأزهر والعلماء. أيام المماليك --</subfield>
		<subfield code="g">v. 3.</subfield>
		<subfield code="t">شعب مصر وكفاحه. صفحات من سيرة محمد علي.</subfield>
	</datafield>
	<datafield ind1="1" ind2="4" tag="880">
		<subfield code="6">600-06</subfield>
		<subfield code="a">جبرتي، عبد الرحمن،</subfield>
		<subfield code="d">1754-1822.</subfield>
	</datafield>
	<datafield ind1=" " ind2=" " tag="959">
		<subfield code="a">NNU</subfield>
		<subfield code="b">WEB</subfield>
		<subfield code="c">GENI</subfield>
		<subfield code="t">0</subfield>
		<subfield code="m">Electronic access</subfield>
		<subfield code="s">01</subfield>
	</datafield>
	<datafield ind1=" " ind2=" " tag="999">
		<subfield code="i">UaCaAUL_b12004091</subfield>
		<subfield code="o">(OCoLC)ocm43056494</subfield>
		<subfield code="s">auc_aco000758:3 v. in 1</subfield>
		<subfield code="s">auc_aco000758:3 v. in 1</subfield>
	</datafield>
</record>
